@book{livroProfAlexandre,
    author    = {Megiorin Roma, Alexandre and Da Silva Bevilacqua, Joyce and Luiz Nós,Rudimar},
    title     = {Métodos para a solução numérica de equações diferenciais ordinárias a valores iniciais- \textit{Notas de Aula}},
    year      = {2022},
    publisher = {Br},
    address   = {IME- USP}
}

@book{tarefaProfAlexandre,
    author    = {Megiorin Roma, Alexandre},
    title     = {Métodos Numéricos e Aplicações},
    year      = {2020},
    publisher = {Br},
    address   = {IME- USP}
}

@book{burden_faires_burden_2016,
    place={Boston, MA},
    title={Numerical analysis},
    publisher={Cengage Learning},
    author={Burden, Richard L. and Faires, J. Douglas and Burden, Annette M.},
    year={2016}
}

@Article{harris2020array,
 title         = {Array programming with {NumPy}},
 author        = {Charles R. Harris and K. Jarrod Millman and St{\'{e}}fan J.
                 van der Walt and Ralf Gommers and Pauli Virtanen and David
                 Cournapeau and Eric Wieser and Julian Taylor and Sebastian
                 Berg and Nathaniel J. Smith and Robert Kern and Matti Picus
                 and Stephan Hoyer and Marten H. van Kerkwijk and Matthew
                 Brett and Allan Haldane and Jaime Fern{\'{a}}ndez del
                 R{\'{i}}o and Mark Wiebe and Pearu Peterson and Pierre
                 G{\'{e}}rard-Marchant and Kevin Sheppard and Tyler Reddy and
                 Warren Weckesser and Hameer Abbasi and Christoph Gohlke and
                 Travis E. Oliphant},
 year          = {2020},
 month         = sep,
 journal       = {Nature},
 volume        = {585},
 number        = {7825},
 pages         = {357--362},
 doi           = {10.1038/s41586-020-2649-2},
 publisher     = {Springer Science and Business Media {LLC}},
 url           = {https://doi.org/10.1038/s41586-020-2649-2}
}

@Article{Hunter:2007,
  Author    = {Hunter, J. D.},
  Title     = {Matplotlib: A 2D graphics environment},
  Journal   = {Computing in Science \& Engineering},
  Volume    = {9},
  Number    = {3},
  Pages     = {90--95},
  abstract  = {Matplotlib is a 2D graphics package used for Python for
  application development, interactive scripting, and publication-quality
  image generation across user interfaces and operating systems.},
  publisher = {IEEE COMPUTER SOC},
  doi       = {10.1109/MCSE.2007.55},
  year      = 2007
}


@book{BoyceDi,
    author    = "William E. Boyce, Richard C. DiPrima, Douglas B. Meade",
    title     = "Elementary Differential Equations and Boundary Value Problems",
    year      = "2011",
    publisher = "Wiley",
    address   = "Hoboken, NJ"
}

@book{Burden,
    author    = "WBurden, Richard L. and Faires, J. Douglas",
    title     = "Elementary Differential Equations and Boundary Value Problems",
    year      = "1989",
    publisher = "{PWS-Kent} Publishing Company",
    address   = "Boston,USA"
}

@article{runge,
    author =       "Runge, C.",
    title =        "{Ueber die numerische Auflösung von Differentialgleichungen}.",
    journal =      "Mathematische Annalen",
    volume =       "46",

    pages =        "1432--1807",
    year =         "1895",
    DOI =          "https://doi.org/10.1007/BF01446807"
}
