%%
%% WinShell 3.3.2.6
%% http://www.winshell.org/
%%

% Strings


% Preamble


% BibTeX Entries]
@book{numerical,
  title={Numerical Analysis, Brooks},
  author={Burden, Richard L and Faires, J Douglas},
  journal={Cole, Belmont, CA},
  year={1997}
} 
 
@book{collatz,
  title={The numerical treatment of differential equations},
  author={Collatz, Lothar},
  volume={60},
  year={2012},
  publisher={Springer Science \& Business Media}
}

@book{sebastiao,
title={Métodos numéricos: teoria e programação},
  author={Gomes, Sebastião C. P. },
  year={1999},
  publisher={Editora da Furg}
}

@book{kreysig,
title={Advanced Engineering Mathematics},
author={Kreyszig, Erwin},
year={2011},
}

